@misc{Wolfie17,
author  = {Wolfie Christl},
title   = {Corporate Surveillance in Everyday Life},
year    = {2017},
howpublished = {\url{https://crackedlabs.org/en/corporate-surveillance/}},
note    = {Cracked Labs, June 2017}
}


@misc{joe18,
author  = {Joe Galvin},
title   = {60 Percent of Small Businesses Fold Within 6 Months of a Cyber Attack. Here's How to Protect Yourself},
year    = {2018},
howpublished = {\url{http://bit.ly/2mMvyyl/}},
note    = {Inc.,May 7, 2018}
} 

@misc{CLINT,
author  = {Clint Pumphrey},
title   = {How do advertisers show me custom ads?},
year    = {},
howpublished = {\url{https://computer.howstuffworks.com/advertiser-custom-ads1.htm/}},
note    = {HowStuffWorks, June 7, 2019}
} 

@techreport{barker2017recommendation,
  title={Recommendation for the triple data encryption algorithm (TDEA) block cipher},
  author={Barker, Elaine and Mouha, Nicky},
  year={2017},
  institution={National Institute of Standards and Technology}
}

@article{merkle1981security,
  title={On the security of multiple encryption},
  author={Merkle, Ralph C and Hellman, Martin E},
  journal={Communications of the ACM},
  volume={24},
  number={7},
  pages={465--467},
  year={1981},
  publisher={ACM}
}



@inproceedings{van1990known,
  title={A known-plaintext attack on two-key triple encryption},
  author={Van Oorschot, Paul C and Wiener, Michael J},
  booktitle={Workshop on the Theory and Application of of Cryptographic Techniques},
  pages={318--325},
  year={1990},
  organization={Springer}
}



@article{berent2013advanced,
  title={Advanced Encryption Standard by Example},
  author={Berent, Adam},
  journal={Document available at URL http://www. networkdls. com/Articles/AESbyExample. pdf (April 1 2007) Accessed: June},
  year={2013}
}

@article{daemen1999aes,
  title={AES proposal: Rijndael},
  author={Daemen, Joan and Rijmen, Vincent},
  year={1999}
}

@article{laser2016comparative, 
title={A Comparative Survey Of Various Cryptographic Techniques}, author={Laser, Jitendra Singh and Jain, Viny}, 
journal={International Research Journal Of Engineering And Technology (Irjet)},
 volume={3}, 
 number={03}, 
 year={2016} 
 }
 
 
 @article{malhotra2013study,
  title={Study of various cryptographic algorithms},
  author={Malhotra, Mini and Singh, Aman},
  journal={International Journal of Scientific Engineering and Research},
  volume={1},
  number={3},
  pages={77--88},
  year={2013}
}

@article{neha16,
  title={A Review on data encryption techniques used for
social media on internet},
  author={Neha Sharma,Surendra Yadav,Brahmdutt Bohra},
  journal={International Journal of Advanced Computational Engineering and Networking},
  volume={4},
  number={9},
  year={2016}
  }

 @article{ramya17,
  title={Cryptography Algorithms and Attacks},
  author={T.Ramya, Dr.V.V.Rama prasad},
  journal={International Journal of Scientific Engineering and Research},
  volume={4},
  number={5},
  year={2017}
}


@misc{breaches18,
author  = {},
title   = {15 of the Biggest Data Breaches in The Last 15 Years},
year    = {2018},
howpublished = {\url{http://bit.ly/2ltRFJN/}},
note    = {hostingtribunal.com, June 2019}
}


@article{valentino2012websites,
  title={Websites vary prices, deals based on usersâ€™ information},
  author={Valentino-Devries, Jennifer and Singer-Vine, Jeremy and Soltani, Ashkan},
  journal={Wall Street Journal},
  volume={10},
  pages={60--68},
  year={2012}
}

@article{tiku2017get,
  title={Get ready for the next big privacy backlash against Facebook},
  author={Tiku, Nitasha},
  journal={Wired, May},
  volume={21},
  year={2017}
}


@article{calo2017taking,
  title={The taking economy: Uber, information, and power},
  author={Calo, Ryan and Rosenblat, Alex},
  journal={Colum. L. Rev.},
  volume={117},
  pages={1623},
  year={2017},
  publisher={HeinOnline}
}


@article{halpern2017he,
  title={How he used Facebook to win},
  author={Halpern, Sue},
  journal={The New York Review of Books},
  volume={8},
  pages={2017},
  year={2017}
}






































